@inproceedings{Lan_CVPR12,
  author = {Tian Lan and Leonid Sigal and Greg Mori},
  title = {Social Roles in Hierarchical Models for Human Activity Recognition},
  booktitle = {CVPR},
  year = {2012}
}

@inproceedings{Izadinia_ECCV12,
  author = {H. Izadinia and M. Shah},
  title = {Recognizing Complex Events using Large Margin Joint Low-Level Event Model},
  booktitle = {ECCV},
  year = {2012}
}

@inproceedings{Kumar_NIPS10,
  author = {M.~P. Kumar and B. Packer and D. Koller},
  title = {Self-Paced Learning for Latent Variable Models},
  booktitle = {NIPS},
  year = {2010}
}

@article{Regneri_TACL13,
author = {M. Regneri and M. Rohrbach and D. Wetzel and S. Thater and B. Schiele and M. Pinkal},
title = {Grounding Action Descriptions in Videos},
journal = {TACL},
volume = 1, 
pages = {25-36}, 
year = 2013
}

@misc{MED11,
title = {Trecvid multimedia event detection track},
year = {2011}
}

@inproceedings {Rohrbach_CVPR10,
title = {What Helps Where {\textendash} And Why? Semantic Relatedness for Knowledge Transfer},
booktitle = {CVPR},
year = {2010},	
author = {M. Rohrbach and Michael Stark and Gy{\"o}rgy Szarvas and B. Schiele}
}

@inproceedings {Rohrbach_ECCV10,
title = {Combining Language Sources and Robust Semantic Relatedness for Attribute-Based Knowledge Transfer},
booktitle = {ECCV-PnA},
year = {2010},
author = {M. Rohrbach and Michael Stark and Gy{\"o}rgy Szarvas and B. Schiele}
}

@inproceedings {Berg_ECCV10,
title = {Automatic attribute discovery and charateriztion from noisy web data},
booktitle = {ECCV},
year = {2010},
author = {T.~L. Berg and A.~C. Berg and Jonathan Shih}
}

@inproceedings {Rohrbach_ECCV12,
title = {Script Data for Attribute-based Recognition of Composite Activities},
booktitle = {ECCV},
year = {2012},
author = {M. Rohrbach and M. Regneri and Mykhaylo Andriluka and S. Amin and M. Pinkal and B. Schiele}
}

@inproceedings {Laptev_CVPR08,
title = {Learning realistic human actions from movies},
booktitle = {CVPR},
year = {2008},
author = {I. Laptev and M. Marszałek and C. Schmid and B. Rozenfeld}
}

@inproceedings {Marszalek_CVPR09,
title = {Actions in context},
booktitle = {CVPR},
year = {2009},
author = {M. Marszałek and I. Laptev and C. Schmid}
}

@inproceedings {Cour_ECCV08,
title = {Movie/Script: Alignment and Parsing of Video and Text Transcription},
booktitle = {ECCV},
year = {2008},
author = {Timothee Cour and Chris Jordan and Eleni Miltsakaki and Ben Taskar}
}

@inproceedings {Everingham_BMVC06,
title = {Hello! my name is... buffy” – automatic naming of characters in tv video},
booktitle = {BMVC},
year = {2006},
author = {Mark Everingham and Josef Sivic and Andrew Zisserman}
}

@inproceedings {Parikh_CVPR11,
title = {Interactively Building a Discriminative Vocabulary of Nameable Attributes},
booktitle = {CVPR},
year = {2011},
author = {D. Parikh and K. Grauman}
}

@inproceedings {Motwani_ECAI12,
title = {Improving video activity recognition using object recognition and text mining},
booktitle = {ECAI},
year = {2012},
author = {T.~S. Motwani and R.~J. Mooney}
}

@inproceedings {Yang_CVPR11,
title = {Discriminative tag learning on YouTube videos with latent sub-tags},
booktitle = {CVPR},
year = {2011},
author = {W. Yang and G. Toderici}
}

@inproceedings{Wang_ECCV10,
author = {G. Wang and A. Gallagher and J. Luo and D. Forsyth},
title = {Seeing people in social context: recognizing people and social relationships},
booktitle = {ECCV},
year = 2010
}

@inproceedings{Ding_ICCV11,
author = {L. Ding and A. Yilmaz},
title = {Inferring social relations from visual concepts},
booktitle = {ICCV},
year = 2011
}

@inproceedings{Fathi_CVPR12,
author = {A. Fathi and J.~K. Hoggins and J.~M. Rehg},
title = {Social Interactions: A first person perspective},
booktitle = {CVPR},
year = 2012
}

@inproceedings{Liu_CVPR11,
author = {J. Liu and B. Kuipers and S. Savarese},
title = {Recognizing human actions by attributes},
booktitle = {CVPR},
year = 2011
}

@article{Merler_ITM12,
author = {M. Merler and B. Huang and L. Xie and G. Hua and A. Natsev},
title = {Semantic model vectors for complex video event recognition.},
journal = {IEEE Trans. Multimedia},
volume = 14, 
pages = {88-101}, 
year = 2012
}

@inproceedings{Raptis_ECCV12,
author = {M. Raptis and I. Kokkinos and S. Soatto},
title = {Discovering discriminative action parts from mid-level vide representations},
booktitle = {ECCV},
year = 2012
}

@inproceedings{Lan_ICCV11,
author = {T. Lan and Y. Wang and G. Mori},
title = {Discriminative figure-centric models for joint action localization and recognition},
booktitle = {ICCV},
year = 2011
}

@inproceedings{Brendel_ICCV11,
author = {W. Brendel and S. Todorovic},
title = {Learning spatiotemporal graphs of human activities},
booktitle = {ICCV},
year = 2011
}


@inproceedings{Tang_CVPR12,
author = {Kevin Tang and D. Koller and Li Fei-Fei},
title = {Learning Latent Temporal Structure for Complex Event Detection},
booktitle = {CVPR},
year = 2012
}

@inproceedings{Satkin_ECCV10,
author = {S. Satkin and M. Hebert},
title = {Modelling the temporal extent of action},
booktitle = {ECCV},
year = 2010
}

@inproceedings{Singh_ECCV12,
  author = {Saurabh Singh and Abhinav Gupta and Alexei A. Efros},
  title = {Unsupervised Discovery of Mid-level Discriminative Patches},
  booktitle={ECCV},
  year = {2012}
}

@article{Felzenszwalb_PAMI10,
  title = {Object Detection with Discriminatively Trained Part Based Models},
  author = {Felzenszwalb, P. F. and Girshick, R. B. and McAllester, D. and Ramanan, D.},
  journal = {PAMI},
  year = {2010}, 
  volume = {32}, 
  number = {9}, 
  pages = {1627--1645}
  }
  
@article{Ganchev_JMLR10,
  title = {Posterior Regularization for structured latent variable models},
  author = {K. Ganchev and J. Graca and J. Gillewater and B. Taskar},
  journal = {JMLR},
  year = {2010}, 
  volume = {11}
  }
  
@article{Lowe_IJCV04,
  title = {Distinctive image features from scale-invariant keypoints},
  author = {D.~G. Lowe},
  journal = {IJCV},
  year = {2004}, 
  volume = {60}
  }
  
@InProceedings{Klaser_BMVC08,
  author       = {Alexander Kl{\"a}ser and Marcin Marsza{\l}ek and Cordelia Schmid},
  title        = {A Spatio-Temporal Descriptor Based on 3D-Gradients},
  booktitle    = {BMVC},
  year         = {2008}  
}
  
@InProceedings{Zhou_NIPS07,
  author       = {Zhi-Hua Zhou and Min-Ling Zhang},
  title        = {Multi-instance multi-label learning with application to scene classification},
  booktitle    = {NIPS},
  year         = {2007}  
}
  
@book{Rabiner_PH93,
 author = {Rabiner, Lawrence and Juang, Biing-Hwang},
 title = {Fundamentals of speech recognition},
 year = {1993},
 publisher = {Prentice-Hall, Inc.}
}

@inproceedings{Socher_CVPR10,
author = {Richard Socher and Li Fei-Fei},
title = {Connecting Modalities: Semi-supervised Segmentation and Annotation of Images Using Unaligned Text Corpora},
booktitle = {CVPR},
year = {2010}
}

@inproceedings{Jia_ICCV11,
author = {Y. Jia and M. Salzmann and T. Darrell},
title = {Learning Cross-modality Similarity for Multinomial Data},
booktitle = {ICCV},
year = {2011}
}

@inproceedings{Natarajan_CVPR12,
author = {Pradeep Natarajan and Shuang Wu and Shiv Vitaladevuni and Xiaodan Zhuang and Stavros Tsakalidis and Unsang Park and Rohit Prasad and Premkumar Natarajan},
title = {Multimodal Feature Fusion for Robust Event Detection in Web Videos},
booktitle = {CVPR},
year = {2012}
}
